@article{article0,
  doi = {10.1109/ICMLA55696.2022.00014}
}
@article{article1,
  doi = {10.1109/CVPR52688.2022.00973}
}
@article{article2,
  doi = {10.1109/icme46284.2020.9102851}
}
@article{article3,
  doi = {10.1109/TCSVT.2024.3395132}
}
@article{article4,
  doi = {10.1016/j.patcog.2022.109018}
}
@article{article5,
  doi = {10.1016/j.cviu.2024.104146}
}
@article{article6,
  doi = {10.1016/j.cviu.2022.103448}
}
@article{article7,
  doi = {10.1016/j.neunet.2024.107041}
}
@article{article8,
  doi = {10.1007/978-3-031-06427-2_42}
}
@article{article9,
  doi = {10.1109/CVPRW53098.2021.00318}
}
@article{article10,
  doi = {10.1016/j.imavis.2022.104504}
}
@article{article11,
  doi = {10.1109/CVPR52733.2024.00326}
}
@article{article12,
  doi = {10.1007/s00530-022-00931-9}
}
@article{article13,
  doi = {10.1016/j.knosys.2024.112032}
}
@article{article14,
  doi = {10.1109/CVPR52688.2022.01451}
}
@article{article15,
  doi = {10.1016/j.isprsjprs.2018.06.007}
}
@article{article16,
  doi = {10.1109/JSTARS.2024.3435509}
}
@article{article17,
  doi = {10.1109/TGRS.2023.3277203}
}
@article{article18,
  doi = {10.1007/s11263-022-01663-z}
}
@article{article19,
  doi = {10.1109/ACCESS.2025.3526244}
}
@article{article20,
  doi = {10.1007/978-3-031-02375-0_22}
}
@article{article21,
  doi = {10.3390/math10244798}
}
@article{article22,
  doi = {10.1109/JSTARS.2022.3203750}
}
@article{article23,
  doi = {10.1109/TIP.2022.3189825}
}
@article{article24,
  doi = {10.1109/CVPR46437.2021.00404}
}
@article{article25,
  doi = {10.3390/rs16173319}
}
@article{article26,
  doi = {10.3390/rs12213603}
}
@article{article27,
  doi = {10.3390/s24030730}
}
@article{article28,
  doi = {10.1109/TITS.2023.3281352}
}
@article{article29,
  doi = {10.1109/IGARSS47720.2021.9555147}
}
@article{article30,
  doi = {10.1109/ICME46284.2020.9102851}
}
@article{article31,
  doi = {10.1109/CVPR46437.2021.00820}
}
@article{article32,
  doi = {10.1109/CVPR42600.2020.00964}
}
@article{article33,
  doi = {10.1109/TMM.2023.3345152}
}
@article{article34,
  doi = {10.1109/ICME52920.2022.9859793}
}
@article{article35,
  doi = {10.1109/CVPR52733.2024.00326}
}
@article{article36,
  doi = {10.1109/IJCNN60899.2024.10651508}
}
@article{article37,
  doi = {10.1109/IJCNN60899.2024.10651009}
}
@article{article38,
  doi = {10.1109/ICIP.2017.8296485}
}
@article{article39,
  doi = {10.1016/j.media.2023.102997}
}
@article{article40,
  doi = {10.3390/rs12213603}
}
@article{article41,
  doi = {10.11834/jig.200527}
}
@article{article42,
  doi = {10.1109/CVPRW53098.2021.00318}
}
@article{article43,
  doi = {10.1109/TIP.2022.3189825}
}
@article{article44,
  doi = {10.1145/3633637.3633694}
}
@article{article45,
  doi = {10.1007/978-3-030-58526-6_21}
}
@article{article46,
  doi = {10.1007/978-3-031-19815-1_30}
}
@article{article47,
  doi = {10.1109/ACCESS.2025.3526244}
}
@article{article48,
  doi = {10.11834/jig.210571}
}
@article{article49,
  doi = {10.1109/TCSVT.2024.3395132}
}
@article{article50,
  doi = {10.1007/978-3-031-02375-0_22}
}
@article{article51,
  doi = {10.1109/IGARSS47720.2021.9555147}
}
@article{article52,
  doi = {10.1109/VCIP.2016.7805508}
}
