@ARTICLE{book,
  author  = {Gilson Antonio Giraldi},
  title   = {Fundamentals of Neural Networks and
Statistical Learning},
  journal = {},
  year    = {2024}
}

@misc{FEI,
  author  = {Carlos Eduardo Thomaz},
  title   = {FEI Face Database},
  howpublished = {\url{https://fei.edu.br/~cet/facedatabase.html}},
  note         = {Accessed: 2024-08-14},
  year         = {2024}
}

@misc{miranda2023abordagens,
  title={Abordagens computacionais para calcular componentes principais ponderadas com aplica{\c{c}}{\~o}es em an{\'a}lise de imagens de faces humanas},
  author={Miranda, Laura Costa Pereira},
  year={2023}
}

@misc{opencv,
  author = {{OpenCV Team}},
  title = {OpenCV documentation},
  year ={2024},
  howpublished = {\url{https://opencv.org/}},
  note = {Accessed: 2024-08-22}
}

@misc{seaborn,
  author = {Waskom, Michael and others},
  title = {Seaborn: statistical data visualization},
  year = {2024},
  howpublished = {\url{https://seaborn.pydata.org/}},
  note = {Accessed: 2024-08-22}
}

@misc{pillow,
  author = {Pillow Contributors},
  title = {Pillow documentation},
  year = {2024},
  howpublished = {\url{https://pillow.readthedocs.io/}},
  note = {Accessed: 2024-08-22}
}

@misc{pandas,
  author = {Pandas Development Team},
  title = {Pandas documentation},
  year = {2024},
  howpublished = {\url{https://pandas.pydata.org/docs/}},
  note = {Accessed: 2024-08-22}
}

@misc{numpy,
  author = {NumPy Developers},
  title = {NumPy documentation},
  year = {2024},
  howpublished = {\url{https://numpy.org/doc/}},
  note = {Accessed: 2024-08-22}
}

@misc{matplotlib,
  author = {Matplotlib Development Team},
  title = {Matplotlib documentation},
  year = {2024},
  howpublished = {\url{https://matplotlib.org/stable/contents.html}},
  note = {Accessed: 2024-08-22}
}

@misc{scikit-learn,
  author = {Scikit-learn Developers},
  title = {Scikit-learn documentation},
  year = {2024},
  howpublished = {\url{https://scikit-learn.org/stable/}},
  note = {Accessed: 2024-08-22}
}

@misc{keras,
  author = {Chollet, Fran√ßois and others},
  title = {Keras documentation},
  year = {2024},
  howpublished = {\url{https://keras.io/}},
  note = {Accessed: 2024-08-22}
}
