@misc{borges_site,
  author       = {Marcio Rentes Borges},
  title        = {Estat√≠stica},
  year         = {2024},
  note         = {\url{https://lncc.br/~mrborges/}. Acessado em: 22 nov. 2024}
}