@ARTICLE{book,
  author  = {Gilson Antonio Giraldi},
  title   = {Fundamentals of Neural Networks and
Statistical Learning},
  journal = {},
  year    = {2024}
}

@misc{FEI,
  author  = {Carlos Eduardo Thomaz},
  title   = {FEI Face Database},
  howpublished = {\url{https://fei.edu.br/~cet/facedatabase.html}},
  note         = {Accessed: 2024-08-14},
  year         = {2024}
}

@misc{miranda2023abordagens,
  title={Abordagens computacionais para calcular componentes principais ponderadas com aplica{\c{c}}{\~o}es em an{\'a}lise de imagens de faces humanas},
  author={Miranda, Laura Costa Pereira},
  year={2023}
}

@misc{opencv,
  author = {{OpenCV Team}},
  title = {OpenCV documentation},
  howpublished = {\url{https://docs.opencv.org/}},
  note = {Accessed: 2024-08-22}
}

@misc{seaborn,
  author = {Waskom, Michael and others},
  title = {Seaborn: statistical data visualization},
  year = {2024},
  howpublished = {\url{https://seaborn.pydata.org/}},
  note = {Accessed: 2024-08-22}
}

@misc{pillow,
  author = {Pillow Contributors},
  title = {Pillow documentation},
  year = {2024},
  howpublished = {\url{https://pillow.readthedocs.io/}},
  note = {Accessed: 2024-08-22}
}

@misc{pandas,
  author = {Pandas Development Team},
  title = {Pandas documentation},
  year = {2024},
  howpublished = {\url{https://pandas.pydata.org/docs/}},
  note = {Accessed: 2024-08-22}
}

@misc{numpy,
  author = {NumPy Developers},
  title = {NumPy documentation},
  year = {2024},
  howpublished = {\url{https://numpy.org/doc/}},
  note = {Accessed: 2024-08-22}
}

@misc{matplotlib,
  author = {Matplotlib Development Team},
  title = {Matplotlib documentation},
  year = {2024},
  howpublished = {\url{https://matplotlib.org/stable/contents.html}},
  note = {Accessed: 2024-08-22}
}

@misc{scikit-learn,
  author = {Scikit-learn Developers},
  title = {Scikit-learn documentation},
  year = {2024},
  howpublished = {\url{https://scikit-learn.org/stable/}},
  note = {Accessed: 2024-08-22}
}

@manual{scikit-image,
  title={scikit-image: Image processing in Python},
  author={van der Walt, S. and Sch√∂nberger, J.L. and Nunez-Iglesias, J. and Boulogne, F. and Warner, J.D. and Yager, N. and Gouillart, E. and Yu, T. and the scikit-image contributors},
  year={2014},
  url={https://scikit-image.org/docs/stable/},
  note={Accessed: 2024-11-27}
}

@manual{scipy,
  title={SciPy: Open source scientific tools for Python},
  author={Virtanen, P. and Gommers, R. and Oliphant, T.E. and Haberland, M. and Reddy, T. and Cournapeau, D. and Burovski, E. and Peterson, P. and Weckesser, W. and Bright, J. and van der Walt, S.J. and Brett, M. and Wilson, J. and Millman, K.J. and Mayorov, N. and Nelson, A.R.J. and Jones, E. and Kern, R. and Larson, E. and Carey, C.J. and Polat, I. and Feng, Y. and Moore, E.W. and Vand erPlas, J. and Laxalde, D. and Perktold, J. and Cimrman, R. and Henriksen, I. and Quintero, E.A. and Harris, C.R. and Archibald, A.M. and Ribeiro, A.H. and Pedregosa, F. and van Mulbregt, P. and SciPy 1.0 Contributors},
  year={2020},
  url={https://scipy.org},
  note={Accessed: 2024-11-27}
}

@book{jain,
  author       = {Anil K. Jain},
  title        = {Fundamentals of Digital Image Processing},
  year         = {1989},
  publisher    = {Prentice Hall},
  address      = {Englewood Cliffs, NJ},
  isbn         = {978-0133361650}
}
